@article{DBLP:journals/corr/abs-1907-10902,
  author       = {Takuya Akiba and
                  Shotaro Sano and
                  Toshihiko Yanase and
                  Takeru Ohta and
                  Masanori Koyama},
  title        = {Optuna: {A} Next-generation Hyperparameter Optimization Framework},
  journal      = {CoRR},
  volume       = {abs/1907.10902},
  year         = {2019},
  url          = {http://arxiv.org/abs/1907.10902},
  eprinttype    = {arXiv},
  eprint       = {1907.10902},
  timestamp    = {Thu, 01 Aug 2019 08:59:33 +0200},
  biburl       = {https://dblp.org/rec/journals/corr/abs-1907-10902.bib},
  bibsource    = {dblp computer science bibliography, https://dblp.org}
}

@article{breiman2001random,
  title={Random Forests},
  author={Breiman, Leo},
  journal={Machine Learning},
  volume={45},
  number={1},
  pages={5--32},
  year={2001},
  publisher={Springer},
  doi={10.1023/A:1010933404324},
  url={https://doi.org/10.1023/A:1010933404324}
}

@inproceedings{chen2016xgboost,
  author    = {Chen, Tianqi and Guestrin, Carlos},
  title     = {{XGBoost}: A Scalable Tree Boosting System},
  booktitle = {Proceedings of the 22nd ACM SIGKDD International Conference on Knowledge Discovery and Data Mining (KDD 2016)},
  year      = {2016},
  pages     = {785--794},
  publisher = {ACM},
  address   = {New York, NY, USA},
  doi       = {10.1145/2939672.2939785},
  url       = {https://doi.org/10.1145/2939672.2939785}
}

@book{jolliffe2002principal,
  author    = {Jolliffe, Ian T.},
  title     = {Principal Component Analysis},
  edition   = {2},
  series    = {Springer Series in Statistics},
  year      = {2002},
  publisher = {Springer Science+Business Media},
  address   = {New York, NY, USA},
  isbn      = {978-0-387-95442-4},
  doi       = {10.1007/b98835},
  url       = {https://doi.org/10.1007/b98835},
  pages     = {488},
  note      = {Springer Book Archive}
}

